<record><leader>00000cas a22000007a 4500</leader><controlfield tag="001">14509456</controlfield><controlfield tag="008">861023d19251932txuwr ne      0    0eng d</controlfield><datafield ind1=" " ind2=" " tag="010"><subfield code="a">sn 86089785 </subfield></datafield><datafield ind1=" " ind2=" " tag="040"><subfield code="a">PPM</subfield><subfield code="b">eng</subfield><subfield code="c">PPM</subfield><subfield code="d">OCLCQ</subfield></datafield><datafield ind1=" " ind2=" " tag="042"><subfield code="a">msc</subfield></datafield><datafield ind1="0" ind2=" " tag="130"><subfield code="a">Pecos enterprise and gusher (Pecos, Tex. : 1925)</subfield></datafield><datafield ind1="1" ind2="4" tag="245"><subfield code="a">The Pecos enterprise and gusher.</subfield></datafield><datafield ind1=" " ind2=" " tag="260"><subfield code="a">Pecos, Tex. :</subfield><subfield code="b">Mrs. Gail S. Bell and Benny Hubb,</subfield><subfield code="c">1925-1932.</subfield></datafield><datafield ind1=" " ind2=" " tag="300"><subfield code="a">v. :</subfield><subfield code="b">ill.</subfield></datafield><datafield ind1=" " ind2=" " tag="310"><subfield code="a">Weekly</subfield></datafield><datafield ind1="0" ind2=" " tag="362"><subfield code="a">Vol. 43, no. 41 (May 22, 1925)-v. 47, no. 2 (Aug. 26, 1932).</subfield></datafield><datafield ind1=" " ind2=" " tag="752"><subfield code="a">United States</subfield><subfield code="b">Texas</subfield><subfield code="c">Reeves</subfield><subfield code="d">Pecos.</subfield></datafield><datafield ind1="0" ind2="4" tag="780"><subfield code="t">Pecos enterprise and Pecos times</subfield><subfield code="w">(DLC)sn 86089784</subfield></datafield><datafield ind1="0" ind2="4" tag="780"><subfield code="t">Pecos gusher</subfield><subfield code="w">(DLC)sn 86089092</subfield></datafield><datafield ind1="0" ind2="0" tag="785"><subfield code="t">Pecos enterprise (Pecos, Tex.: 1932)</subfield><subfield code="w">(OCoLC)14233261</subfield></datafield></record>